<record><leader>00000cas a2200000 a 4500</leader><controlfield tag="001">11281626</controlfield><controlfield tag="008">841018d18481854iluwr ne      0   a0eng c</controlfield><datafield ind1=" " ind2=" " tag="010"><subfield code="a">sn 84038356 </subfield></datafield><datafield ind1=" " ind2=" " tag="040"><subfield code="a">NPX</subfield><subfield code="b">eng</subfield><subfield code="c">NPX</subfield><subfield code="d">NVF</subfield><subfield code="d">OCL</subfield><subfield code="d">NVF</subfield><subfield code="d">OCL</subfield><subfield code="d">NVF</subfield><subfield code="d">OCLCF</subfield><subfield code="d">NVF</subfield><subfield code="d">OCLCO</subfield><subfield code="d">OCL</subfield></datafield><datafield ind1=" " ind2=" " tag="012"><subfield code="b">3</subfield></datafield><datafield ind1=" " ind2=" " tag="019"><subfield code="a">15354319</subfield></datafield><datafield ind1="1" ind2=" " tag="029"><subfield code="a">AU@</subfield><subfield code="b">000026538188</subfield></datafield><datafield ind1=" " ind2=" " tag="042"><subfield code="a">pcc</subfield></datafield><datafield ind1=" " ind2=" " tag="043"><subfield code="a">n-us-il</subfield></datafield><datafield ind1="0" ind2="0" tag="245"><subfield code="a">Illinois reveille.</subfield></datafield><datafield ind1="1" ind2="3" tag="246"><subfield code="a">Reveille</subfield></datafield><datafield ind1=" " ind2=" " tag="260"><subfield code="a">Bloomington, Ill. :</subfield><subfield code="b">James Shoaff</subfield></datafield><datafield ind1="3" ind2=" " tag="260"><subfield code="3">1851-1854</subfield><subfield code="a">Pekin, Ill. :</subfield><subfield code="b">[s.n.]</subfield></datafield><datafield ind1=" " ind2=" " tag="300"><subfield code="a">v.</subfield></datafield><datafield ind1=" " ind2=" " tag="310"><subfield code="a">Weekly</subfield></datafield><datafield ind1="1" ind2=" " tag="362"><subfield code="a">Began in 1848. Ceased in 1854.</subfield></datafield><datafield ind1=" " ind2=" " tag="580"><subfield code="a">Merged with: Tazewell weekly mirror, to form: Pekin weekly plaindealer.</subfield></datafield><datafield ind1=" " ind2=" " tag="588"><subfield code="a">Description based on: Vol. 1, no. 4 (Oct. 12, 1848).</subfield></datafield><datafield ind1=" " ind2=" " tag="588"><subfield code="a">Latest issue consulted: Vol. 5, no. 5 (Oct. 27, 1852).</subfield></datafield><datafield ind1=" " ind2="0" tag="651"><subfield code="a">Bloomington (Ill.)</subfield><subfield code="v">Newspapers.</subfield></datafield><datafield ind1=" " ind2="0" tag="651"><subfield code="a">Pekin (Ill.)</subfield><subfield code="v">Newspapers.</subfield></datafield><datafield ind1=" " ind2="0" tag="651"><subfield code="a">Tazewell County (Ill.)</subfield><subfield code="v">Newspapers.</subfield></datafield><datafield ind1=" " ind2="0" tag="651"><subfield code="a">McLean County (Ill.)</subfield><subfield code="v">Newspapers.</subfield></datafield><datafield ind1=" " ind2="7" tag="655"><subfield code="a">Newspapers.</subfield><subfield code="2">fast</subfield><subfield code="0">(OCoLC)fst01423814</subfield></datafield><datafield ind1=" " ind2="7" tag="651"><subfield code="a">Illinois</subfield><subfield code="z">Bloomington.</subfield><subfield code="2">fast</subfield><subfield code="0">(OCoLC)fst01205022</subfield></datafield><datafield ind1=" " ind2="7" tag="651"><subfield code="a">Illinois</subfield><subfield code="z">McLean County.</subfield><subfield code="2">fast</subfield><subfield code="0">(OCoLC)fst01208904</subfield></datafield><datafield ind1=" " ind2="7" tag="651"><subfield code="a">Illinois</subfield><subfield code="z">Pekin.</subfield><subfield code="2">fast</subfield><subfield code="0">(OCoLC)fst01216219</subfield></datafield><datafield ind1=" " ind2="7" tag="651"><subfield code="a">Illinois</subfield><subfield code="z">Tazewell County.</subfield><subfield code="2">fast</subfield><subfield code="0">(OCoLC)fst01206780</subfield></datafield><datafield ind1=" " ind2=" " tag="752"><subfield code="a">United States</subfield><subfield code="b">Illinois</subfield><subfield code="c">Tazewell</subfield><subfield code="d">Pekin.</subfield></datafield><datafield ind1=" " ind2=" " tag="752"><subfield code="a">United States</subfield><subfield code="b">Illinois</subfield><subfield code="c">McLean</subfield><subfield code="d">Bloomington.</subfield></datafield><datafield ind1="1" ind2="7" tag="785"><subfield code="t">Tazewell weekly mirror</subfield><subfield code="w">(DLC)sn 84038605</subfield><subfield code="w">(OCoLC)11358478</subfield></datafield><datafield ind1="1" ind2="7" tag="785"><subfield code="t">Pekin weekly plaindealer</subfield><subfield code="w">(DLC)sn 82014965</subfield><subfield code="w">(OCoLC)8807514</subfield></datafield></record>